{
  "leader": "01362nam a2200277 i 4500",
  "controlfield": [
    {
      "tag": "001",
      "value": "000623327"
    },
    {
      "tag": "003",
      "value": "RuMoRGB"
    },
    {
      "tag": "005",
      "value": "20180914153423.0"
    }
  ],
  "datafield": [
    {
      "tag": "017",
      "ind1": " ",
      "ind2": " ",
      "subfield": [
        {
          "code": "a",
          "value": "99-19180ж"
        },
        {
          "code": "b",
          "value": "RuMoRKP"
        }
      ]
    },
    {
      "tag": "020",
      "ind1": " ",
      "ind2": " ",
      "subfield": [
        {
          "code": "a",
          "value": "0-263-80613-8"
        }
      ]
    },
    {
      "tag": "020",
      "ind1": " ",
      "ind2": " ",
      "subfield": [
        {
          "code": "a",
          "value": "5-05-004857-5"
        }
      ]
    },
    {
      "tag": "035",
      "ind1": " ",
      "ind2": " ",
      "subfield": [
        {
          "code": "a",
          "value": "(RuMoRGB)KNO-0069649"
        }
      ]
    },
    {
      "tag": "040",
      "ind1": " ",
      "ind2": " ",
      "subfield": [
        {
          "code": "a",
          "value": "RuMoRGB"
        },
        {
          "code": "b",
          "value": "rus"
        },
        {
          "code": "c",
          "value": "RuMoRGB"
        }
      ]
    },
    {
      "tag": "041",
      "ind1": "0",
      "ind2": " ",
      "subfield": [
        {
          "code": "a",
          "value": "rus"
        }
      ]
    },
    {
      "tag": "084",
      "ind1": " ",
      "ind2": " ",
      "subfield": [
        {
          "code": "a",
          "value": "Ш5(4Вл)64-644"
        },
        {
          "code": "2",
          "value": "rubbk"
        }
      ]
    },
    {
      "tag": "100",
      "ind1": "1",
      "ind2": " ",
      "subfield": [
        {
          "code": "a",
          "value": "Гордон, Люси"
        }
      ]
    },
    {
      "tag": "245",
      "ind1": "0",
      "ind2": "0",
      "subfield": [
        {
          "code": "a",
          "value": "Когда я тебя увижу :"
        },
        {
          "code": "b",
          "value": "роман : перевод с английского"
        },
        {
          "code": "c",
          "value": "Люси Гордон"
        }
      ]
    },
    {
      "tag": "260",
      "ind1": " ",
      "ind2": " ",
      "subfield": [
        {
          "code": "a",
          "value": "Москва"
        },
        {
          "code": "b",
          "value": "Радуга"
        },
        {
          "code": "c",
          "value": "1999"
        }
      ]
    },
    {
      "tag": "300",
      "ind1": " ",
      "ind2": " ",
      "subfield": [
        {
          "code": "a",
          "value": "188, [1] с."
        },
        {
          "code": "c",
          "value": "17 см"
        }
      ]
    },
    {
      "tag": "500",
      "ind1": " ",
      "ind2": " ",
      "subfield": [
        {
          "code": "a",
          "value": "Загл. ориг.: Beauty and the boss"
        }
      ]
    },
    {
      "tag": "500",
      "ind1": " ",
      "ind2": " ",
      "subfield": [
        {
          "code": "a",
          "value": "Данные тит. л. частично парал. англ."
        }
      ]
    },
    {
      "tag": "500",
      "ind1": " ",
      "ind2": " ",
      "subfield": [
        {
          "code": "a",
          "value": "На тит. л. и обл.: Harlequin"
        }
      ]
    },
    {
      "tag": "650",
      "ind1": " ",
      "ind2": "7",
      "subfield": [
        {
          "code": "a",
          "value": "Филологические науки. Художественная литература -- Великобритания -- Английская литература -- с 1991 г. -- Произведения художественной литературы -- Художественная проза -- Романы. Повести. Рассказы"
        },
        {
          "code": "2",
          "value": "rubbk"
        }
      ]
    },
    {
      "tag": "773",
      "ind1": "0",
      "ind2": "8",
      "subfield": [
        {
          "code": "7",
          "value": "nnam"
        },
        {
          "code": "t",
          "value": "Любовный роман [Текст]"
        },
        {
          "code": "d",
          "value": "Москва : Радуга, 1992-"
        },
        {
          "code": "g",
          "value": "308"
        },
        {
          "code": "w",
          "value": "000844273"
        }
      ]
    },
    {
      "tag": "852",
      "ind1": " ",
      "ind2": " ",
      "subfield": [
        {
          "code": "a",
          "value": "РГБ"
        },
        {
          "code": "b",
          "value": "FB"
        },
        {
          "code": "j",
          "value": "10 92-16/116-5"
        },
        {
          "code": "x",
          "value": "70"
        }
      ]
    },
    {
      "tag": "852",
      "ind1": " ",
      "ind2": " ",
      "subfield": [
        {
          "code": "a",
          "value": "РГБ"
        },
        {
          "code": "b",
          "value": "FB"
        },
        {
          "code": "j",
          "value": "10 92-16/117-3"
        },
        {
          "code": "x",
          "value": "70"
        }
      ]
    }
  ]
}